@inproceedings{KM99,
 author = {Klivans, Adam R. and van Melkebeek, Dieter},
 title = {Graph nonisomorphism has subexponential size proofs unless the polynomial-time hierarchy collapses},
 booktitle = {Proceedings of the thirty-first annual ACM symposium on Theory of computing},
 series = {STOC '99},
 year = {1999},
 isbn = {1-58113-067-8},
 location = {Atlanta, Georgia, United States},
 pages = {659--667},
 numpages = {9},
 url = {http://doi.acm.org/10.1145/301250.301428},
 doi = {10.1145/301250.301428},
 acmid = {301428},
 publisher = {ACM},
 address = {New York, NY, USA},
} 


@InProceedings{Mes,
  author = "Jochen Messner",
  title = "On Optimal Algorithms and Optimal Proof Systems",
  booktitle = "Proceedings of the 16th Symposium on Theoretical Aspects of Computer Science",
  series="Lecture Notes in Computer Science",
  volume = "1563",
  year = "1999",
  pages = "361--372",
}

@Article{KP,
  author = "Jan Kraj{\'{\i}}\v{c}ek and Pavel Pudl{\'{a}}k",
  title = "Propositional proof systems, the consistency of
           first order theories and the complexity of computations",
  journal = "The Journal of Symbolic Logic",
  year = "1989",
  month = sep,
  volume = "54",
  number = "3",
  pages = "1063--1079",
}

@TechReport{Monroe,
  author = "Hunter Monroe",
  title = "Speedup for Natural Problems and {coNP?=NP}",
  institution = "Electronic Colloquium on Computational Complexity",
  number = "09-056",
  year = "2009",
}

@Article{CR79,
  author =	"Cook, Stephen A. and Reckhow, Robert A.",
  title =	"The relative efficiency of propositional proof systems",
  journal =	"The Journal of Symbolic Logic",
  year =	"1979",
  volume =	"44",
  number =	"1",
  pages =	"36--50",
  month =	mar,
}

@Article{Fortnow-survey,
  author = "Lance Fortnow and Rahul Santhanam",
  title = "Recent work on hierarchies for semantic classes",
  journal = "{SIGACT} News", 
  volume = "37",
  number = "3",
  pages = "36--54", 
  months = sep, 
  year = "2006", 
}

@Article{CK,
  author = "Stephen A. Cook and Jan Kraj{\'{\i}}\v{c}ek",
  title = "Consequences of the Provability of {$NP \subseteq P/poly$}", 
  journal = "The Journal of Symbolic Logic", 
  volume = "72",
  number = "4", 
  year = "2007", 
  pages = "1353--1371",
}


@Article{Itsykson,
  author = "Dmitry M. Itsykson",
  title = "Structural complexity of {AvgBPP}",
  journal = "Annals of Pure and Applied Logic", 
  volume = "162",
  number = "3",
  pages = "213--223", 
  year = "2010",
}
%%  booktitle = "Proceedings of 4th International Computer Science Symposium in Russia",
%%  series = "Lecture Notes in Computer Science",
%%  volume =	"5675",
%%  pages =	"155-166"
%%  year = "2009",



@InProceedings{Pervyshev-heuristic,
  author = "Konstantin Pervyshev",
  title = "On Heuristic Time Hierarchies",
  booktitle = "Proceedings of the 22nd {IEEE} Conference on Computational Complexity",
  year = "2007",
  pages = "347--358",
}

@inproceedings{Harnik-et-al,
  author =      "Harnik, Danny and Kilian, Joe and Naor, Moni and Reingold, Omer and Rosen, Alon",
  title =       "On Robust Combiners for Oblivious Transfer and other Primitives",
  booktitle =   "Proc. of EUROCRYPT-2005",
  year =        "2005",
}

@Article{GHP-complete,
  author = "Grigoriev, Dima and Hirsch, Edward A. and Pervyshev, Konstantin",
  title = "A Complete Public-Key Cryptosystem",
  volume = 1,
  number = 1,
  journal = "Groups, Complexity, Cryptology",
  pages = "1--12",
  year = "2009",
}

@TechReport{Razborov,
  author = "Razborov, Alexander A.",
  title = "On provably disjoint {NP}-pairs",
  year = "1994",
  institution = "Electronic Colloquium on Computational Complexity",
  number = "94-006",
}

@Article{Levin-optimal,
  author = "Leonid A. Levin",
  title = "Universal sequential search problems",
  journal = "Problems of Information Transmission",
  volume = "9",
  year = "1973",
  pages = "265--266",
}

@InProceedings{FS-old,
  author = "Lance Fortnow and Rahul Santhanam",
  title = "Hierarchy theorems for probabilistic polynomial time",
  booktitle = "Proceedings of the 45th {IEEE} Symposium on Foundations of Computer Science", 
  pages = "316--324",
  publ = "IEEE",
  publaddr = "New York", 
  year = "2004",
}

@Article{Pudlak,
  author = "Pavel Pudl{\'{a}}k",
  title = "On reducibility and symmetry of disjoint {NP} pairs",
  journal = "Theoretical Computer Science",
  volume = "295",
  year = "2003", 
  number = "1--3", 
  pages = "323--339",
}

@Book{MR,
  author = "Rajeev Motwani and Prabhakar Raghavan",
  title = "Randomized algorithms",
  publisher = "Cambridge University Press",
  year = "1995",
}

@inbook{M98,
 author = {C. McDiarmid},
 title = {Concentration},
 book = {Probabilistic Methods for Algorithmic Discrete Mathematics},
 series = {Algorithms and Combinatorics},
 volume = {16},
 year = {1998},
 pages = {195--248},
 publisher = {Springer-Verlag},
 }

@ARTICLE{HILL99,
    author = {Johan H{\aa}stad and
               Russell Impagliazzo and
               Leonid A. Levin and
               Michael Luby},
    title = {A Pseudorandom Generator from any One-way Function},
    journal = {SIAM Journal on Computing},
    year = {1999},
  number    = {4},
    volume = {28},
    pages = {1364-1396},
}


@Article{HI09,
  author = "E. A. Hirsch and D. M. Itsykson",
  title = "An infinitely-often one-way function based on an average-case assumption",
  year      = {2010},
  volume = {21},
  pages = {459--468},
  number    = {3},
  journal = {St. Petersburg Math. J.},
}
@inproceedings{Sadowski-SAT,
  author    = {Zenon Sadowski},
  title     = {On an Optimal Deterministic Algorithm for {SAT}},
  pages     = {179-187},
  ee        = {http://dx.doi.org/10.1007/10703163_13},
  booktitle = {Proceedings of CSL'98},
  publisher = {Springer},
  series    = {Lecture Notes in Computer Science},
  volume    = {1584},
  year      = {1999},
  isbn      = {3-540-65922-6},
  bibsource = {DBLP, http://dblp.uni-trier.de}
}

@article{Levin87,
  author = "Leonid A. Levin",
  title = "One-way functions and pseudorandom generators",
  journal = "Combinatorica",
  volume = 7,
  year = 1987,
}

@Article{BT,
  author = "Andrej Bogdanov and Luca Trevisan",
  title = "Average-Case Complexity",
  journal = "Foundation and Trends in Theoretical Computer Science",
  volume = 2,
  number = 1,
  pages = "1--106",
  year = 2006,
}

@Article{Kra,
  author = "Jan Kraj\'{\i}\v{c}ek",
  title = "On the weak pigeonhole principle",
  journal = "Fundamenta Mathematicae",
  volume = 170,
  number = "1--3",
  pages = "123--140",
  year = "2001",
} 

@Article{Kra2,
  author = "Jan Kraj\'{\i}\v{c}ek",
  title = "Tautologies from pseudorandom generators",
  journal = "Bulletin of Symbolic Logic",
  volume = 7,
  number = 2,
  year = "2001",
  pages = "197--212",
}

@TechReport{ABSRW,
  author = "Alekhnovich, Michael and Ben-Sasson, Eli and Razborov, Alexander A. and Wigderson, Avi",
  title = "Pseudorandom Generators in Propositional Proof Complexity",
  year = "2000",
  institution = "Electronic Colloquium on Computational Complexity",
  number = "00-023",
  note = "Extended abstract appears in Proceedings of FOCS-2000",
}
  

@Article{HIMS12,
  author = "Edward A. Hirsch and Dmitry Itsykson and Ivan Monakhov and Alexander Smal",
  title = "On optimal heuristic randomized semidecision procedures, with applications to proof complexity and cryptography",
  journal = "Theory of Computing Systems",
  publisher = "Springer",
  year = 2012,
  volume= 51,
  number=2,
  pages="179--195",
}



@inproceedings{Gol11,
  author =      "Oded Goldreich",
  title =       "A Sample of Samplers: A Computational Perspective on Sampling ",
  booktitle =   "Studies in Complexity and Cryptography. Miscellanea on the Interplay between Randomness and Computation",
  series="Lecture Notes in Computer Science",
  volume = "6650",
  year = "2011",
  pages = "302--332",

}



@inproceedings{GS86,
 author = {Goldwasser, S and Sipser, M},
 title = {Private coins versus public coins in interactive proof systems},
 booktitle = {Proceedings of the eighteenth annual ACM symposium on Theory of computing},
 series = {STOC '86},
 year = {1986},
 isbn = {0-89791-193-8},
 location = {Berkeley, California, United States},
 pages = {59--68},
 numpages = {10},
 url = {http://doi.acm.org/10.1145/12130.12137},
 doi = {10.1145/12130.12137},
 acmid = {12137},
 publisher = {ACM},
 address = {New York, NY, USA},
} 

@article {SpanP,
   author = {Kobler, Johannes and Schoning, Uwe and Toran, Jacobo},
   title = {On counting and approximation},
   journal = {Acta Informatica},
   publisher = {Springer Berlin / Heidelberg},
   issn = {0001-5903},
   keyword = {Computer Science},
   pages = {363-379},
   volume = {26},
   issue = {4},
   url = {http://dx.doi.org/10.1007/BF00276023},
   note = {10.1007/BF00276023},
   year = {1989}
}

@article{HI12,
  author    = {Edward A. Hirsch and
               Dmitry Itsykson},
  title     = {On an optimal randomized acceptor for graph nonisomorphism},
  journal   = {Inf. Process. Lett.},
  volume    = {112},
  number    = {5},
  year      = {2012},
  pages     = {166-171},
  ee        = {http://dx.doi.org/10.1016/j.ipl.2011.11.013},
  bibsource = {DBLP, http://dblp.uni-trier.de}
}

@INPROCEEDINGS{ schnorr:optimal,
AUTHOR = "Claus-Peter Schnorr",
TITLE = "Optimal Algorithms for Self-Reducible Problems.",
booktitle = "ICALP'76",
PAGES = {322-337},
YEAR = {1976}  }

@Article{BT06,
  author = "Andrej Bogdanov and Luca Trevisan",
  title = "Average-Case Complexity",
  journal = "Foundation and Trends in Theoretical Computer Science",
  volume = 2,
  number = 1,
  pages = "1--106",
  year = 2006,
}

@InProceedings{IL90,
  author = "Russell Impagliazzo and Leonid Levin", 
  title = "No better ways to generate hard {NP} instances
than picking uniformly at random",
  pages = "812--821",
  booktitle = "Proceedings of the 31st IEEE Symposium on
   Foundations of Computer Science",
  year = 1990,
}

@inproceedings{P07,
  author    = {Konstantin Pervyshev},
  title     = {On Heuristic Time Hierarchies},
  booktitle = {Proceedings of the IEEE Conference on Computational Complexity},
  year      = {2007},
  pages     = {347-358},
}


@article{Toda1991,
 author = {Toda, Seinosuke},
 title = {PP is as hard as the polynomial-time hierarchy},
 journal = {SIAM J. Comput.},
 issue_date = {Oct. 1991},
 volume = {20},
 number = {5},
 month = oct,
 year = {1991},
 issn = {0097-5397},
 pages = {865--877},
 numpages = {13},
 url = {http://dx.doi.org/10.1137/0220053},
 doi = {10.1137/0220053},
 acmid = {125952},
 publisher = {Society for Industrial and Applied Mathematics},
 address = {Philadelphia, PA, USA},
} 

@InProceedings{PZ83,
  author =       {C. Papadimitriou and S. Zachos},
  title =        {Two remarks on the power of counting},
  booktitle =    {Proceedings of the 6th GI Conference on Theoretical
                 Computer Science},
  pages =        {269--276},
  publisher =    {Springer-Verlag},
  address =      {Berlin},
  series =	 {Lecture Notes in Computer Science},
  volume =       {145},
  year =         {1983}
}