@book{Wegener-book,
  author    = {Ingo Wegener},
  title     = {Branching Programs and Binary Decision Diagrams},
  publisher = {{SIAM}},
  year      = {2000},
  url       = {http://ls2-www.cs.uni-dortmund.de/monographs/bdd/},
  isbn      = {0-89871-458-3}
}

@book{Jukna-book-func,
  author    = {Stasys Jukna},
  title     = {Boolean Function Complexity --- Advances and Frontiers},
  series    = {Algorithms and combinatorics},
  volume    = {27},
  publisher = {Springer},
  year      = {2012},
  url       = {https://doi.org/10.1007/978-3-642-24508-4},
  doi       = {10.1007/978-3-642-24508-4},
  isbn      = {978-3-642-24507-7}
}

@article{SavZak97,
  author    = {Petr Savick{\'{y}} and
               Stanislav {\v{Z}}{\'{a}}k},
  title     = {A Lower Bound on Branching Programs Reading Some Bits Twice},
  journal   = {Theor. Comput. Sci.},
  volume    = {172},
  number    = {1-2},
  pages     = {293--301},
  year      = {1997},
  url       = {https://doi.org/10.1016/S0304-3975(96)00183-1},
  doi       = {10.1016/S0304-3975(96)00183-1}
}

@article{Zak86,
  author    = {Stanislav {\v{Z}}{\'{a}}k},
  title     = {An exponential lower bound for real-time branching programs},
  journal   = {Information and Control},
  volume    = {71},
  number    = {1},
  pages     = {87--94},
  year      = {1986},
  issn      = {0019-9958},
  doi       = {https://doi.org/10.1016/S0019-9958(86)80018-3},
  url       = {http://www.sciencedirect.com/science/article/pii/S0019995886800183}
}

@article{Wegener88,
  author    = {Ingo Wegener},
  title     = {On the complexity of branching programs and decision trees for clique
               functions},
  journal   = {J. {ACM}},
  volume    = {35},
  number    = {2},
  pages     = {461--471},
  year      = {1988},
  url       = {https://doi.org/10.1145/42282.46161},
  doi       = {10.1145/42282.46161}
}

@article{Nec66,
  author    = {E. I. Nechiporuk},
  title     = {On a Boolean Function},
  journal   = {Dokl. Akad. Nauk SSSR},
  volume    = {169},
  issue     = {4},
  pages     = {765--766},
  year      = {1966}
}

@article{Masek76,
  author    = {William Masek},
  journal   = {Master Thesis, Massachusetts Institute of Technology},
  title     = {A fast algorithm for the string editing problem and decision graph complexity},
  year      = {1976}
}

@inproceedings{ABRLNR18,
  author    = {Albert Atserias and
               Ilario Bonacina and
               Susanna F. de Rezende and
               Massimo Lauria and
               Jakob Nordstr{\"{o}}m and
               Alexander A. Razborov},
  title     = {Clique is hard on average for regular resolution},
  editor    = {Ilias Diakonikolas and
               David Kempe and
               Monika Henzinger},
  booktitle = {Proceedings of the 50th Annual {ACM} {SIGACT} Symposium on Theory
               of Computing, {STOC} 2018, Los Angeles, CA, USA, June 25-29, 2018},
  pages     = {866--877},
  publisher = {{ACM}},
  year      = {2018},
  url       = {https://doi.org/10.1145/3188745.3188856},
  doi       = {10.1145/3188745.3188856}
}

@article{LNNW95,
  author    = {L{\'{a}}szl{\'{o}} Lov{\'{a}}sz and
               Moni Naor and
               Ilan Newman and
               Avi Wigderson},
  title     = {Search Problems in the Decision Tree Model},
  journal   = {{SIAM} J. Discret. Math.},
  volume    = {8},
  number    = {1},
  pages     = {119--132},
  year      = {1995},
  url       = {https://doi.org/10.1137/S0895480192233867},
  doi       = {10.1137/S0895480192233867}
}

@article{Jukna08,
  author    = {Stasys Jukna},
  title     = {Expanders and time-restricted branching programs},
  journal   = {Theor. Comput. Sci.},
  volume    = {409},
  number    = {3},
  pages     = {471--476},
  year      = {2008},
  url       = {https://doi.org/10.1016/j.tcs.2008.09.012},
  doi       = {10.1016/j.tcs.2008.09.012}
}

@inproceedings{SieWeg94,
  author    = {Detlef Sieling and
               Ingo Wegener},
  editor    = {Ernst W. Mayr and
               Gunther Schmidt and
               Gottfried Tinhofer},
  title     = {New Lower Bounds and Hierarchy Results for Restricted Branching Programs},
  booktitle = {Graph-Theoretic Concepts in Computer Science, 20th International Workshop,
               {WG} '94, Herrsching, Germany, June 16-18, 1994, Proceedings},
  series    = {Lecture Notes in Computer Science},
  volume    = {903},
  pages     = {359--370},
  publisher = {Springer},
  year      = {1994},
  url       = {https://doi.org/10.1007/3-540-59071-4\_61},
  doi       = {10.1007/3-540-59071-4\_61}
}

@article{Sieling96,
  author    = {Detlef Sieling},
  title     = {New Lower Bounds and Hierarchy Results for Restricted Branching Programs},
  journal   = {J. Comput. Syst. Sci.},
  volume    = {53},
  number    = {1},
  pages     = {79--87},
  year      = {1996},
  url       = {https://doi.org/10.1006/jcss.1996.0050},
  doi       = {10.1006/jcss.1996.0050}
}

@article{Raz-weak04,
  author    = {Ran Raz},
  title     = {Resolution lower bounds for the weak pigeonhole principle},
  journal   = {J. {ACM}},
  volume    = {51},
  number    = {2},
  pages     = {115--138},
  year      = {2004},
  url       = {https://doi.org/10.1145/972639.972640},
  doi       = {10.1145/972639.972640}
}

@article{PitRaz04,
  author    = {Toniann Pitassi and
               Ran Raz},
  title     = {Regular Resolution Lower Bounds For The Weak Pigeonhole Principle},
  journal   = {Comb.},
  volume    = {24},
  number    = {3},
  pages     = {503--524},
  year      = {2004},
  url       = {https://doi.org/10.1007/s00493-004-0030-y},
  doi       = {10.1007/s00493-004-0030-y}
}

@article{JuknaRazb98,
  author    = {Stasys Jukna and
               Alexander A. Razborov},
  title     = {Neither Reading Few Bits Twice Nor Reading Illegally Helps Much},
  journal   = {Discret. Appl. Math.},
  volume    = {85},
  number    = {3},
  pages     = {223--238},
  year      = {1998},
  url       = {https://doi.org/10.1016/S0166-218X(98)00042-0},
  doi       = {10.1016/S0166-218X(98)00042-0}
}


@article{Sav98,
  author    = {Petr Savick{\'{y}}},
  title     = {A probabilistic nonequivalence test for syntactic (1,+k)-branching
               programs},
  journal   = {Electron. Colloquium Comput. Complex.},
  volume    = {5},
  number    = {51},
  year      = {1998},
  url       = {http://eccc.hpi-web.de/eccc-reports/1998/TR98-051/index.html}
}

@article{Knop17,
  author    = {Alexander Knop},
  title     = {{IPS-like Proof Systems Based on Binary Decision Diagrams}},
  journal   = {Electron. Colloquium Comput. Complex.},
  volume    = {24},
  pages     = {179},
  year      = {2017},
  url       = {https://eccc.weizmann.ac.il/report/2017/179}
}

@article{AJPU07,
  author    = {Michael Alekhnovich and
               Jan Johannsen and
               Toniann Pitassi and
               Alasdair Urquhart},
  title     = {An Exponential Separation between Regular and General Resolution},
  journal   = {Theory Comput.},
  volume    = {3},
  number    = {1},
  pages     = {81--102},
  year      = {2007},
  url       = {https://doi.org/10.4086/toc.2007.v003a005},
  doi       = {10.4086/toc.2007.v003a005}
}

@inproceedings{Sok20,
  author    = {Dmitry Sokolov},
  editor    = {Konstantin Makarychev and
               Yury Makarychev and
               Madhur Tulsiani and
               Gautam Kamath and
               Julia Chuzhoy},
  title     = {(Semi)Algebraic proofs over {\(\pm\)}1 variables},
  booktitle = {Proccedings of the 52nd Annual {ACM} {SIGACT} Symposium on Theory
               of Computing, {STOC} 2020, Chicago, IL, USA, June 22-26, 2020},
  pages     = {78--90},
  publisher = {{ACM}},
  year      = {2020},
  url       = {https://doi.org/10.1145/3357713.3384288},
  doi       = {10.1145/3357713.3384288}
}

@inproceedings{Grig98,
  author    = {Dima Grigoriev},
  title     = {Tseitin's Tautologies and Lower Bounds for Nullstellensatz Proofs},
  booktitle = {39th Annual Symposium on Foundations of Computer Science, {FOCS} '98,
               November 8-11, 1998, Palo Alto, California, {USA}},
  pages     = {648--652},
  year      = {1998},
  url       = {https://doi.org/10.1109/SFCS.1998.743515},
  doi       = {10.1109/SFCS.1998.743515}
}

@inproceedings{Pit98,
  author    = {Toniann Pitassi},
  title     = {Unsolvable Systems of Equations and Proof Complexity},
  booktitle = {Proceedings of the International Congress of Mathemeticians},
  pages     = {451--460},
  volume    = {III},
  year      = {1998}
}

@inproceedings{Pit96,
  author    = {Toniann Pitassi},
  title     = {Algebraic Propositional Proof Systems},
  booktitle = {Descriptive Complexity and Finite Models, Proceedings of a {DIMACS}
               Workshop 1996, Princeton, New Jersey, USA, January 14-17, 1996},
  pages     = {215--244},
  year      = {1996},
  url       = {https://doi.org/10.1090/dimacs/031/07},
  doi       = {10.1090/dimacs/031/07}
}

@article{ABRW04,
  author    = {Michael Alekhnovich and
               Eli Ben{-}Sasson and
               Alexander A. Razborov and
               Avi Wigderson},
  title     = {Pseudorandom Generators in Propositional Proof Complexity},
  journal   = {{SIAM} J. Comput.},
  volume    = {34},
  number    = {1},
  pages     = {67--88},
  year      = {2004},
  url       = {https://doi.org/10.1137/S0097539701389944},
  doi       = {10.1137/S0097539701389944}
}

@article{BIPRS97,
  author    = {Samuel R. Buss and
               Russell Impagliazzo and
               Jan Kraj{\'{\i}}cek and
               Pavel Pudl{\'{a}}k and
               Alexander A. Razborov and
               Jir{\'{\i}} Sgall},
  title     = {Proof Complexity in Algebraic Systems and Bounded Depth Frege Systems
               with Modular Counting},
  journal   = {Computational Complexity},
  volume    = {6},
  number    = {3},
  pages     = {256--298},
  year      = {1997},
  url       = {https://doi.org/10.1007/BF01294258},
  doi       = {10.1007/BF01294258}
}

@article{IPS99,
  author    = {Russell Impagliazzo and
               Pavel Pudl{\'{a}}k and
               Jir{\'{\i}} Sgall},
  title     = {Lower Bounds for the Polynomial Calculus and the Gr{\"{o}}bner
               Basis Algorithm},
  journal   = {Computational Complexity},
  volume    = {8},
  number    = {2},
  pages     = {127--144},
  year      = {1999},
  url       = {https://doi.org/10.1007/s000370050024},
  doi       = {10.1007/s000370050024}
}

@article{GrigH03,
  author    = {Dima Grigoriev and
               Edward A. Hirsch},
  title     = {Algebraic proof systems over formulas},
  journal   = {Theor. Comput. Sci.},
  volume    = {303},
  number    = {1},
  pages     = {83--102},
  year      = {2003},
  url       = {https://doi.org/10.1016/S0304-3975(02)00446-2},
  doi       = {10.1016/S0304-3975(02)00446-2}
}

@article{GroP18,
  author    = {Joshua A. Grochow and
               Toniann Pitassi},
  title     = {Circuit Complexity, Proof Complexity, and Polynomial Identity Testing:
               The Ideal Proof System},
  journal   = {J. {ACM}},
  volume    = {65},
  number    = {6},
  pages     = {37:1--37:59},
  year      = {2018},
  url       = {https://doi.org/10.1145/3230742},
  doi       = {10.1145/3230742}
}

@article{Haken85,
  author =       {Armin Haken},
  title =        {The Intractability of Resolution},
  journal =      {Theoretical Computer Science},
  volume =       {39},
  number =       {2--3},
  pages =        {297--308},
  month =        {aug},
  year =         {1985},
}

@inproceedings{CEI96,
  author    = {Matthew Clegg and
               Jeff Edmonds and
               Russell Impagliazzo},
  title     = {Using the Groebner Basis Algorithm to Find Proofs of Unsatisfiability},
  booktitle = {Proceedings of the Twenty-Eighth Annual {ACM} Symposium on the Theory
               of Computing, Philadelphia, Pennsylvania, USA, May 22-24, 1996},
  pages     = {174--183},
  year      = {1996},
  url       = {https://doi.org/10.1145/237814.237860},
  doi       = {10.1145/237814.237860}
}

@inproceedings{BIKPP94,
  author    = {Paul Beame and
               Russell Impagliazzo and
               Jan Kraj{\'{\i}}cek and
               Toniann Pitassi and
               Pavel Pudl{\'{a}}k},
  title     = {Lower Bound on Hilbert's Nullstellensatz and propositional proofs},
  booktitle = {35th Annual Symposium on Foundations of Computer Science, Santa Fe,
               New Mexico, USA, 20-22 November 1994},
  pages     = {794--806},
  year      = {1994},
  url       = {https://doi.org/10.1109/SFCS.1994.365714},
  doi       = {10.1109/SFCS.1994.365714}
}

@article{CookRec79,
  author = {Cook, Stephen and Reckhow, Robert},
  journal = {Journal of Symbolic Logic},
  month = {03},
  number = {1},
  pages = {36--50},
  publisher = {Association for Symbolic Logic},
  title = {The Relative Efficiency of Propositional Proof Systems},
  url = {https://projecteuclid.org:443/euclid.jsl/1183740343},
  volume = {44},
  year = {1979}
}

@article{ItsSok19,
  author = {Dmitry Itsykson and Dmitry Sokolov},
  title = {Resolution over linear equations modulo two},
  journal = {Annals of Pure and Applied Logic},
  pages = {102722},
  year = {2019},
  issn = {0168-0072},
  doi = {https://doi.org/10.1016/j.apal.2019.102722},
  url = {http://www.sciencedirect.com/science/article/pii/S0168007219300855}
}

@article{ParTza18,
  author    = {Fedor Part and
               Iddo Tzameret},
  title     = {Resolution with Counting: Lower Bounds over Different Moduli},
  journal   = {CoRR},
  volume    = {abs/1806.09383},
  year      = {2018},
  url       = {http://arxiv.org/abs/1806.09383},
  archivePrefix = {arXiv},
  eprint    = {1806.09383}
}

@article{RazT08,
  author    = {Ran Raz and
               Iddo Tzameret},
  title     = {Resolution over linear equations and multilinear proofs},
  journal   = {Ann. Pure Appl. Logic},
  volume    = {155},
  number    = {3},
  pages     = {194--224},
  year      = {2008},
  url       = {https://doi.org/10.1016/j.apal.2008.04.001},
  doi       = {10.1016/j.apal.2008.04.001}
}

@inproceedings{Kraj97,
  author    = {Jan Kraj{\'{\i}}cek},
  title     = {Lower Bounds for a Proof System with an Expentential Speed-up over
               Constant-Depth Frege Systems and over Polynomial Calculus},
  booktitle = {Mathematical Foundations of Computer Science 1997, 22nd International
               Symposium, MFCS'97, Bratislava, Slovakia, August 25-29, 1997, Proceedings},
  pages     = {85--90},
  year      = {1997},
  url       = {https://doi.org/10.1007/BFb0029951},
  doi       = {10.1007/BFb0029951}
}

@inproceedings{GGKS18,
  author    = {Ankit Garg and
               Mika G{\"{o}}{\"{o}}s and
               Pritish Kamath and
               Dmitry Sokolov},
  editor    = {Ilias Diakonikolas and
               David Kempe and
               Monika Henzinger},
  title     = {Monotone circuit lower bounds from resolution},
  booktitle = {Proceedings of the 50th Annual {ACM} {SIGACT} Symposium on Theory
               of Computing, {STOC} 2018, Los Angeles, CA, USA, June 25-29, 2018},
  pages     = {902--911},
  publisher = {{ACM}},
  year      = {2018},
  url       = {https://doi.org/10.1145/3188745.3188838},
  doi       = {10.1145/3188745.3188838}
}

@article{GarKol18,
  author    = {Michal Garl{\'{\i}}k and
               Leszek Aleksander Ko{\l{}}odziejczyk},
  title     = {Some Subsystems of Constant-Depth Frege with Parity},
  journal   = {{ACM} Trans. Comput. Log.},
  volume    = {19},
  number    = {4},
  pages     = {29:1--29:34},
  year      = {2018},
  url       = {https://doi.org/10.1145/3243126},
  doi       = {10.1145/3243126}
}

@article{Razb87,
  author = {Alexander Razborov},
  title = {Lower bounds on the size of bounded depth circuits over a complete basis with logical addition},
  journal = {Mathematical Notes},
  year = {1987},
  vol = {41},
  issue = {4},
  pages = {333--338}
}

@article{DP60,
  author = {Davis, Martin and Putnam, Hilary},
  title = {A Computing Procedure for Quantification Theory},
  year = {1960},
  issue_date = {July 1960},
  publisher = {Association for Computing Machinery},
  address = {New York, NY, USA},
  volume = {7},
  number = {3},
  issn = {0004-5411},
  url = {https://doi.org/10.1145/321033.321034},
  doi = {10.1145/321033.321034},
  journal = {J. ACM},
  month = jul,
  pages = {201--215},
  numpages = {15}
}

@article{AHI05,
  author    = {Michael Alekhnovich and
               Edward A. Hirsch and
               Dmitry Itsykson},
  title     = {Exponential Lower Bounds for the Running Time of {DPLL} Algorithms
               on Satisfiable Formulas},
  journal   = {J. Autom. Reason.},
  volume    = {35},
  number    = {1-3},
  pages     = {51--72},
  year      = {2005},
  url       = {https://doi.org/10.1007/s10817-005-9006-x},
  doi       = {10.1007/s10817-005-9006-x}
}



@inproceedings{PR18,
  author    = {Toniann Pitassi and
               Robert Robere},
  editor    = {Ilias Diakonikolas and
               David Kempe and
               Monika Henzinger},
  title     = {Lifting nullstellensatz to monotone span programs over any field},
  booktitle = {Proceedings of the 50th Annual {ACM} {SIGACT} Symposium on Theory
               of Computing, {STOC} 2018, Los Angeles, CA, USA, June 25-29, 2018},
  pages     = {1207--1219},
  publisher = {{ACM}},
  year      = {2018},
  url       = {https://doi.org/10.1145/3188745.3188914},
  doi       = {10.1145/3188745.3188914}
}

@inproceedings{Smol87,
  author    = {Roman Smolensky},
  title     = {Algebraic Methods in the Theory of Lower Bounds for Boolean Circuit
               Complexity},
  booktitle = {Proceedings of the 19th Annual {ACM} Symposium on Theory of Computing,
               1987, New York, New York, {USA}},
  pages     = {77--82},
  year      = {1987},
  url       = {https://doi.org/10.1145/28395.28404},
  doi       = {10.1145/28395.28404}
}

@article{Ajt94,
  author    = {Mikl{\'{o}}s Ajtai},
  title     = {The Complexity of the Pigeonhole Principle},
  journal   = {Combinatorica},
  volume    = {14},
  number    = {4},
  pages     = {417--433},
  year      = {1994},
  url       = {https://doi.org/10.1007/BF01302964},
  doi       = {10.1007/BF01302964}
}

@inproceedings{Ber18,
  author    = {Christoph Berkholz},
  title     = {The Relation between Polynomial Calculus, Sherali-Adams, and Sum-of-Squares
               Proofs},
  booktitle = {35th Symposium on Theoretical Aspects of Computer Science, {STACS}
               2018, February 28 to March 3, 2018, Caen, France},
  pages     = {11:1--11:14},
  year      = {2018},
  url       = {https://doi.org/10.4230/LIPIcs.STACS.2018.11},
  doi       = {10.4230/LIPIcs.STACS.2018.11}
}

@article{GHP02,
  author = {Grigoriev, Dima and Hirsch, Edward A. and Pasechnik, Dmitrii V.},
  title = {Complexity of semialgebraic proofs},
  journal = {Mosc. Math. J.},
  fjournal = {Moscow Mathematical Journal},
  volume = {2},
  year = {2002},
  number = {4},
  pages = {647--679, 805},
  issn = {1609-3321},
  mrclass = {03F20 (68Q17)},
  mrnumber = {1986085},
  doi = {10.17323/1609-4514-2002-2-4-647-679},
  url = {https://doi.org/10.17323/1609-4514-2002-2-4-647-679},
}

@inproceedings{MN15,
  author    = {Mladen Miksa and Jakob Nordstr{\"{o}}m},
  title     = {A Generalized Method for Proving Polynomial Calculus Degree Lower Bounds},
  booktitle = {30th Conference on Computational Complexity, {CCC} 2015, June 17-19, 2015, Portland, Oregon, {USA}},
  pages     = {467--487},
  year      = {2015},
  url       = {https://doi.org/10.4230/LIPIcs.CCC.2015.467},
  doi       = {10.4230/LIPIcs.CCC.2015.467}
}

@article{AR03,
  author  = {Michael Alekhnovich and Alexander A. Razborov},
  title   = {Lower Bounds for Polynomial Calculus: {N}on-Binomial Case},
  year    = {2003},
  pages   = {18--35},
  volume  = {242},
  journal = {Proceedings of the Steklov Institute of Mathematics},
  note    = {Available at \url{http://people.cs.uchicago.edu/~razborov/files/misha.pdf}. Preliminary version in \emph{FOCS~'01}.}
}

@article{IMP19,
  author    = {Russell Impagliazzo and
               Sasank Mouli and
               Toniann Pitassi},
  title     = {The Surprising Power of Constant Depth Algebraic Proofs},
  journal   = {Electronic Colloquium on Computational Complexity {(ECCC)}},
  volume    = {26},
  pages     = {24},
  year      = {2019},
  url       = {https://eccc.weizmann.ac.il/report/2019/024}
}

@inproceedings{AtsHak19,
  author    = {Albert Atserias and
               Tuomas Hakoniemi},
  title     = {Size-Degree Trade-Offs for Sums-of-Squares and Positivstellensatz
               Proofs},
  booktitle = {34th Computational Complexity Conference, {CCC} 2019, July 18-20,
               2019, New Brunswick, NJ, {USA.}},
  pages     = {24:1--24:20},
  year      = {2019},
  url       = {https://doi.org/10.4230/LIPIcs.CCC.2019.24},
  doi       = {10.4230/LIPIcs.CCC.2019.24}
}

@article{ChvSem88,
  author = {Chv\'{a}tal, Va\v{s}ek and Szemer{\'e}di, Endre},
  title = {Many Hard Examples for Resolution},
  journal = {J. ACM},
  issue_date = {Oct. 1988},
  volume = {35},
  number = {4},
  month = oct,
  year = {1988},
  issn = {0004-5411},
  pages = {759--768},
  numpages = {10},
  url = {http://doi.acm.org/10.1145/48014.48016},
  doi = {10.1145/48014.48016},
  acmid = {48016},
  publisher = {ACM},
  address = {New York, NY, USA}
}

@book{Vadhan12,
  author = {Vadhan, Salil P.},
  title = {Pseudorandomness},
  year = {2012},
  isbn = {1601985940, 9781601985941},
  publisher = {Now Publishers Inc.},
  address = {Hanover, MA, USA}
}

@article{Grig01,
  author = {Dima Grigoriev},
  title = {Linear lower bound on degrees of Positivstellensatz calculus proofs for the parity},
  journal = {Theoretical Computer Science},
  volume = {259},
  number = "1",
  pages = {613--622},
  year = {2001},
  issn = {0304-3975},
  doi = {https://doi.org/10.1016/S0304-3975(00)00157-2},
  url = {http://www.sciencedirect.com/science/article/pii/S0304397500001572}
}

@article{GrigVor01,
  author = {Dima Grigoriev and Nicolai Vorobjov},
  title = {Complexity of Null- and Positivstellensatz proofs},
  journal = {Annals of Pure and Applied Logic},
  volume = {113},
  number = {1},
  pages = {153--160},
  year = {2001},
  note = {First St. Petersburg Conference on Days of Logic and Computability},
  issn = {0168-0072},
  doi = {https://doi.org/10.1016/S0168-0072(01)00055-0},
  url = {http://www.sciencedirect.com/science/article/pii/S0168007201000550}
}

@article{BGIP01,
  author = {Sam Buss and Dima Grigoriev and Russell Impagliazzo and Toniann Pitassi},
  title = {Linear Gaps between Degrees for the Polynomial Calculus Modulo Distinct Primes},
  journal = {Journal of Computer and System Sciences},
  volume = {62},
  number = {2},
  pages = {267--289},
  year = {2001},
  issn = {0022-0000},
  doi = {https://doi.org/10.1006/jcss.2000.1726},
  url = {http://www.sciencedirect.com/science/article/pii/S0022000000917264}
}

@InProceedings{GMT09,
  author = {Georgiou, Konstantinos and Magen, Avner and Tulsiani, Madhur},
  title = {Optimal Sherali-Adams Gaps from Pairwise Independence},
  editor = {Dinur, Irit and Jansen, Klaus and Naor, Joseph and Rolim, Jos{\'e}},
  booktitle = {Approximation, Randomization, and Combinatorial Optimization. Algorithms and Techniques},
  year = {2009},
  publisher = {Springer Berlin Heidelberg},
  address = {Berlin, Heidelberg},
  pages = {125--139},
  isbn = {978-3-642-03685-9}
}